@article{einstein,
    author =       "Albert Einstein",
    title =        "{Zur Elektrodynamik bewegter K{\"o}rper}. ({German})
        [{On} the electrodynamics of moving bodies]",
    journal =      "Annalen der Physik",
    volume =       "322",
    number =       "10",
    pages =        "891--921",
    year =         "1905",
    DOI =          "http://dx.doi.org/10.1002/andp.19053221004"
}

@book{latexcompanion,
    author    = "Michel Goossens and Frank Mittelbach and Alexander Samarin",
    title     = "The \LaTeX\ Companion",
    year      = "1993",
    publisher = "Addison-Wesley",
    address   = "Reading, Massachusetts"
}

@misc{api,
    author    = "Mike Sedzielewski",
    year      = 2019,    
    title     = "Understanding API-Based Platforms: A Guide For Product Managers.",
    url       = "https://www.smashingmagazine.com/2019/01/api-based-platforms-product-managers/",
    urlaccessdate = {18/08/2020}
}

@misc{django,
    author    = "Django",
    year      = 2020,    
    title     = "The Web framework for perfectionists with deadlines.",
    url       = "https://www.djangoproject.com/",
    urlaccessdate = {16/08/2020}
}

@misc{drf,
    author    = "DRF",
    year      = 2020,    
    title     = "Django REST framework.",
    url       = "https://www.django-rest-framework.org/",
    urlaccessdate = {16/08/2020}
}

@misc{json,
    author    = "JSON",
    year      = 2020,
    title     = "Introducing JSON",
    url       = "https://www.json.org/json-en.html",
    urlaccessdate = {16/08/2020}
}

@misc{postgresql,
    author    = "PostgreSQL",
    year      = 2020,
    title     = "PostgreSQL: The World's Most Advanced Open Source Relational Database",
    url       = "https://www.postgresql.org/",
    urlaccessdate = {16/08/2020}
}

@misc{python,
    author    = "Python",
    year      = 2020,
    title     = "Welcome to Python.org.",
    url       = "https://www.python.org/",
    urlaccessdate = {16/08/2020}
}

@misc{receita,
    author    = "Receita",
    year      = 2020,
    title     = "Receita Federal - Minist√©rio da Economia.",
    url       = "http://www.receita.economia.gov.br/",
    urlaccessdate = {16/08/2020}
}
